<?xml version="1.0" encoding="UTF-8" ?><marc:collection xmlns:marc="http://www.loc.gov/MARC21/slim" xmlns:xsi="http://www.w3.org/2001/XMLSchema-instance" xsi:schemaLocation="http://www.loc.gov/MARC21/slim http://www.loc.gov/standards/marcxml/schema/MARC21slim.xsd">
<marc:record><marc:leader>03607nam a2200253   4500</marc:leader>
<marc:controlfield tag="001">14629</marc:controlfield>
<marc:controlfield tag="003">aeadna</marc:controlfield><marc:controlfield tag="005">20100502090000.0</marc:controlfield><marc:controlfield tag="008">970910s1907    ua    0f   ara00  |dara u</marc:controlfield><marc:datafield tag="035" ind1=" " ind2=" "><marc:subfield code="a">(Sirsi) 14629</marc:subfield></marc:datafield><marc:datafield tag="040" ind1=" " ind2=" "><marc:subfield code="a">nal</marc:subfield><marc:subfield code="b">ara</marc:subfield><marc:subfield code="e">AACR2</marc:subfield></marc:datafield><marc:datafield tag="041" ind1="0" ind2=" "><marc:subfield code="a">ara</marc:subfield></marc:datafield><marc:datafield tag="050" ind1=" " ind2="4"><marc:subfield code="a">PJ6031</marc:subfield><marc:subfield code="b">.S8 1907</marc:subfield></marc:datafield><marc:datafield tag="082" ind1="0" ind2="0"><marc:subfield code="a">410</marc:subfield><marc:subfield code="b">21</marc:subfield></marc:datafield><marc:datafield tag="090" ind1=" " ind2=" "><marc:subfield code="a"></marc:subfield></marc:datafield><marc:datafield tag="100" ind1="1" ind2=" "><marc:subfield code="a">السيوطي،</marc:subfield><marc:subfield code="d">1445-1505</marc:subfield></marc:datafield><marc:datafield tag="245" ind1="1" ind2="2"><marc:subfield code="a">المزهر في علوم اللغة وأنواعها /</marc:subfield><marc:subfield code="c"> عبدالرحمن بن أبي بكر السيوطي</marc:subfield></marc:datafield><marc:datafield tag="260" ind1=" " ind2=" "><marc:subfield code="a">القاهرة :</marc:subfield><marc:subfield code="b">المكتبة الأزهرية،</marc:subfield><marc:subfield code="c">1325هـ. [1907]</marc:subfield></marc:datafield><marc:datafield tag="300" ind1=" " ind2=" "><marc:subfield code="a">331ص. ؛</marc:subfield><marc:subfield code="c">20 سم.</marc:subfield></marc:datafield><marc:datafield tag="500" ind1=" " ind2=" "><marc:subfield code="a">نبذة من سيرة المؤلف : كان السيوطي من أسرة فارسية. ولد مساء يوم الأحد غرة شهر رجب من سنة 849ه، الموافق سبتمبر من عام 1445م، في القاهرة، من أم عربية ، رحل أبوه من اسيوط لدراسة العلم وهو يعتز بها وبجذوره واسمه عبد الرحمن بن أبي بكر بن محمد الخضيري الأسيوطي، وكان سليل أسرة أشتهرت بالعلم والتدين، وكان أبوه من العلماء الصالحين ذوي المكانة العلمية الرفيعة التي جعلت بعض أبناء العلماء والوجهاء يتلقون العلم على يديه. وقد توفي والد السيوطي ولابنه من العمر ست سنوات، فنشأ الطفل يتيمًا، وأتجه إلى حفظ القرآن، فأتم حفظه وهو دون الثامنة، ثم حفظ بعض الكتب في تلك السن المبكرة مثل العمدة، ومنهاج الفقه والأصول، وألفية ابن مالك، فاتسعت مداركه وزادت معارفه. وكان السيوطي محل العناية والرعاية من عدد من العلماء من رفاق أبيه، وتولى بعضهم أمر الوصاية عليه، ومنهم الكمال بن الهمام الحنفي أحد كبار فقهاء عصره، وتأثر به الفتى تأثرًا كبيرًا خاصة في ابتعاده عن السلاطين وأرباب الدولة.  وقام برحلات علمية عديدة شملت بلاد الحجاز والشام واليمن والهند والمغرب الإسلامي. ثم دَّرس الحديث بالمدرسة الشيخونية. ثم تجرد للعبادة والتأليف عندما بلغ سن الأربعين.</marc:subfield></marc:datafield><marc:datafield tag="520" ind1=" " ind2=" "><marc:subfield code="a">المزهر في علوم اللغة وأنواعها كتاب لغوي أدبي. يضم  خمسين نوعًا أو علمًا من علوم اللغة؛ ثمانية راجعة إلى اللغة من حيث الإسناد، وثلاثة عشر راجعةٌ إلى اللغة من حيث الألفاظ، وثلاثة عشر راجعةٌ إلى اللّغة من حيث المعنى، وخمسة راجعةٌ إلى اللغة من حيث لطائفها ومُلَحها، ونوع واحد راجع إلى حفظ اللغة وضَبْط مفاريدها، وثمانية راجعةٌ إلى رجال اللغة ورُواتها، ونوع واحد في معرفة الشعر والشعراء، ونوع واحد في معرفة أغلاط العرب</marc:subfield></marc:datafield><marc:datafield tag="541" ind1=" " ind2=" "><marc:subfield code="a">التزويد</marc:subfield><marc:subfield code="b">معرض أبوظبي الدولي للكتاب</marc:subfield><marc:subfield code="c">شراء</marc:subfield><marc:subfield code="d">2004/04/04م.</marc:subfield></marc:datafield><marc:datafield tag="650" ind1=" " ind2="4"><marc:subfield code="a">اللغة العربية</marc:subfield><marc:subfield code="x">مقالات و محاضرات.</marc:subfield></marc:datafield><marc:datafield tag="949" ind1=" " ind2=" "><marc:subfield code="a">410 س  كٍ ز</marc:subfield><marc:subfield code="w">DDC</marc:subfield><marc:subfield code="i">30018000020361</marc:subfield><marc:subfield code="u">04/25/2005</marc:subfield><marc:subfield code="d">04/26/2010</marc:subfield><marc:subfield code="n">0</marc:subfield><marc:subfield code="t">Book</marc:subfield><marc:subfield code="l">av</marc:subfield><marc:subfield code="m">MAIN</marc:subfield><marc:subfield code="x">RAR</marc:subfield></marc:datafield></marc:record>
</marc:collection>
